@Misc{loremipsum,
	title = "{Lorem ipsum}",
	note = "\url{http://www.loremipsum.de/}",
	key = "loremipsum"
}
